@ARTICLE{Fekraoui:1995jd,
	author = {Madhu Sanjeevi},
	title = {Decision Trees Algorithms},
	journal = {deep-math-machine-learning-ai}
	}
@ARTICLE{medium:2000jd,
    author = {Rishabh Jain},
	title = {Decision Trees},
	journal = {decision-trees-it-begins-here}
}
@ARTICLE{medium:2000,
    author = {Nasir Islam Sujan},
	title = {What is Entropy and why Information gain matter in Decision Trees?},
	journal = {coinmonks}
}
@ARTICLE{medium:2017,
    author = {Renu Khandelwal},
	title = {Decision Tree and Random Forest},
	journal = {datadriveninvestor}
}
@ARTICLE{medium:2018,
    author = {Chirag Sehra},
	title = {Decision Trees Explained Easily},
}
@ARTICLE{medium:2019,
    author = {SeattleDataGuy},
	title = {What Is A Decision Tree Algorithm?}
}
@ARTICLE{hackerearth:2000,
	title = {ml-decision-tree}
}
